@inproceedings{10.1145/1529282.1529731,
author = {Schryen, Guido and Kadura, Rouven},
title = {Open Source vs. Closed Source Software: Towards Measuring Security},
year = {2009},
isbn = {9781605581668},
publisher = {Association for Computing Machinery},
address = {New York, NY, USA},
url = {https://doi.org/10.1145/1529282.1529731},
doi = {10.1145/1529282.1529731},
booktitle = {Proceedings of the 2009 ACM Symposium on Applied Computing},
pages = {2016–2023},
numpages = {8},
keywords = {open source software, metrics, closed source software, security},
location = {Honolulu, Hawaii},
series = {SAC ’09}
}
  
